@inproceedings{ukhov2012,
  author = {Ukhov, I. and Bao, M. and Eles, P. and Peng, Z.},
  title = {Steady-State Dynamic Temperature Analysis and Reliability Optimization for Embedded Multiprocessor Systems},
  booktitle = {DAC},
  year = {2012}
}

@inproceedings{ukhov2013,
  author = {Ukhov, I. and Eles, P. and Peng, Z.},
  title = {Uncertainty Quantification of Power and Temperature for Multiprocessor System Design},
  booktitle = {DATE},
  year = {2013}
}

@article{li2008,
  author = {Li, HongShuang and L\"{u}, ZhenZhou and Yuan, XiuKai},
  title = {Nataf transformation based point estimate method},
  journal = {Chinese Science Bulletin},
  publisher = {Science China Press, co-published with Springer},
  pages = {2586--2592},
  volume = {53},
  issue = {17},
  year = {2008}
}
