@IEEEtranBSTCTL{IEEEexample:BSTcontrol,
  CTLuse_article_number = "no",
  CTLuse_forced_etal = "no",
  CTLmax_names_forced_etal = "100",
  CTLnames_show_etal = "0"
}

%
% Scheduling
%
@article{adam1974,
  author = {Adam, Thomas L. and Chandy, K. Mani and Dickson, J. R.},
  title = {A Comparison of List Schedules for Parallel Processing Systems},
  journal = {Communications of the ACM},
  volume = 17,
  number = 12,
  month = {December},
  year = 1974,
  pages = {685--690}
}

%
% Power analysis
%
@inproceedings{liu2007,
  author = {Liu, Yongpan and Dick, Robert P. and Shang, Li and Yang, Huazhong},
  title = {Accurate Temperature-Dependent Integrated Circuit Leakage Power Estimation Is Easy},
  booktitle = {DATE},
  year = 2007,
  pages = {1526--1531}
}

%
% Temperature analysis
%
@article{skadron2004,
  author = {Skadron, Kevin and Stan, Mircea R. and Sankaranarayanan, Karthik and Huang, Wei and Velusamy, Sivakumar and Tarjan, David},
  title = {Temperature-Aware Microarchitecture: Modeling and Implementation},
  journal = {ACM Transactions Architecture and Code Optimization},
  volume = 1,
  number = 1,
  month = {March},
  year = 2004,
  pages = {94--125}
}

%
% Uncertainty quantification
%
@book{xiu2010,
  author = {Xiu, Dongbin},
  title = {Numerical Methods for Stochastic Computations: A Spectral Method Approach},
  publisher = {Princeton University Press},
  year = 2010
}

@book{santner2003,
    author = {Santner, Thomas J. and Williams, Brian J. and Notz, William I.},
    title = {The Design and Analysis of Computer Experiments},
    publisher = {Springer-Verlag},
    year = 2003
}

%
% Interpolation on sparse grids
%
@phdthesis{klimke2006,
  author = {Klimke, W. Andreas},
  title = {Uncertainty Modeling Using Fuzzy Arithmetic and Sparse Grids},
  school = {Universit\"at Stuttgart},
  year = 2006
}

@article{ma2009,
  author = {Ma, Xiang and Zabaras, Nicholas},
  title = {An Adaptive Hierarchical Sparse Grid Collocation Algorithm for the Solution of Stochastic Differential Equations},
  journal = {J. Computational Physics},
  volume = 228,
  number = 8,
  month = {May},
  year = 2009,
  pages = {3084--3113}
} 

%
% Probability theory
%
@book{durrett2010,
  author = {Durrett, Rick},
  title = {Probability: Theory and Examples},
  publisher = {Cambridge University Press},
  year = 2010
}

@book{nelsen2006,
  author = {Nelsen, Roger},
  title = {An Introduction to Copulas},
  publisher = {Springer},
  year = 2007
}

@article{liu1986,
  author = {Liu, Pei-Ling and Kiureghian, Armen Der},
  title = {Multivariate Distribution Models with Prescribed Marginals and Covariances},
  journal = {Probabilistic Engineering Mechanics},
  volume = 1,
  number = 2,
  month = {June},
  year = 1986,
  pages = {105--112}
}

%
% Software
%
@inproceedings{dick1998,
  author = {Dick, Robert P. and Rhodes, David L. and Wolf, Wayne},
  booktitle = {CODES/CASHE},
  title = {{TGFF}: Task Graphs for Free},
  year = {1998},
  month = {March},
  pages = {97--101}
}

%
% Our work
%
@inproceedings{ukhov2012,
  author = {Ukhov, Ivan and Bao, Min and Eles, Petru and Peng, Zebo},
  title = {Steady-State Dynamic Temperature Analysis and Reliability Optimization for Embedded Multiprocessor Systems},
  booktitle = {DAC},
  year = 2012,
  pages = {197--204}
}

@article{ukhov2014,
  author = {Ukhov, Ivan and Eles, Petru and Peng, Zeng},
  title = {Probabilistic Analysis of Power and Temperature under Process Variation for Electronic System Design},
  journal = IEEE_J_CAD,
  volume = 33,
  number = 6,
  month = {June},
  year = 2014,
  pages = {931--944}
}

@article{ukhov2015,
  author = {Ukhov, Ivan and Eles, Petru and Peng, Zeng},
  title = {Temperature-Centric Reliability Analysis and Optimization of Electronic Systems Under Process Variation},
  journal = IEEE_J_VLSI,
  numpages = {14},
  note = {to be published}
}

@online{sources,
  title = {Source code and input data used in the experimental results},
  organization = {Embedded Systems Laboratory at Link\"{o}ping University},
  url = {http://www.ida.liu.se/~ivauk83/research/PAMS/},
  month = {March},
  year = 2015
}
